<record><leader>00000cas a2200000 a 4500</leader><controlfield tag="001">50512067</controlfield><controlfield tag="008">020830d196u1976caucr ne      0    0eng c</controlfield><datafield ind1=" " ind2=" " tag="010"><subfield code="a">sn2002060268</subfield></datafield><datafield ind1=" " ind2=" " tag="040"><subfield code="a">CNK</subfield><subfield code="b">eng</subfield><subfield code="c">CNK</subfield><subfield code="d">OCLCQ</subfield><subfield code="d">OCLCF</subfield><subfield code="d">OCLCO</subfield><subfield code="d">OCLCA</subfield></datafield><datafield ind1="1" ind2=" " tag="029"><subfield code="a">AU@</subfield><subfield code="b">000024044932</subfield></datafield><datafield ind1=" " ind2=" " tag="042"><subfield code="a">pcc</subfield></datafield><datafield ind1=" " ind2=" " tag="043"><subfield code="a">n-us-ca</subfield></datafield><datafield ind1="0" ind2="0" tag="245"><subfield code="a">Huntington Beach independent review.</subfield></datafield><datafield ind1="1" ind2="7" tag="246"><subfield code="a">Huntington Beach independent</subfield><subfield code="f">&lt;Sept. 3, 1970&gt;-Sept. 4, 1976</subfield></datafield><datafield ind1=" " ind2=" " tag="260"><subfield code="a">Garden Grove, Calif. :</subfield><subfield code="b">West Orange Pub. Co.</subfield></datafield><datafield ind1=" " ind2=" " tag="300"><subfield code="a">v.</subfield></datafield><datafield ind1=" " ind2=" " tag="310"><subfield code="a">Semiweekly</subfield></datafield><datafield ind1="0" ind2=" " tag="362"><subfield code="a">-Sept. 4, 1976.</subfield></datafield><datafield ind1=" " ind2=" " tag="500"><subfield code="a">"Review" appears in small print in different locations on masthead, &lt;Jan. 1, 1970&gt;-Sep. 4, 1976.</subfield></datafield><datafield ind1=" " ind2=" " tag="500"><subfield code="a">Publication moved to Huntington Beach, Calif., June 27, 1971.</subfield></datafield><datafield ind1=" " ind2=" " tag="500"><subfield code="a">"Covering all of Huntington Beach and Fountain Valley."</subfield></datafield><datafield ind1=" " ind2=" " tag="515"><subfield code="a">Vol. designation dropped June 2, 1974.</subfield></datafield><datafield ind1=" " ind2=" " tag="588"><subfield code="a">Description based on: Vol. 4, no. 88 (Apr. 24, 1969).</subfield></datafield><datafield ind1=" " ind2="0" tag="651"><subfield code="a">Huntington Beach (Calif.)</subfield><subfield code="v">Newspapers.</subfield></datafield><datafield ind1=" " ind2="0" tag="651"><subfield code="a">Fountain Valley (Calif.)</subfield><subfield code="v">Newspapers.</subfield></datafield><datafield ind1=" " ind2="7" tag="655"><subfield code="a">Newspapers.</subfield><subfield code="2">fast</subfield><subfield code="0">(OCoLC)fst01423814</subfield></datafield><datafield ind1=" " ind2="7" tag="651"><subfield code="a">California</subfield><subfield code="z">Fountain Valley.</subfield><subfield code="2">fast</subfield><subfield code="0">(OCoLC)fst01218722</subfield></datafield><datafield ind1=" " ind2="7" tag="651"><subfield code="a">California</subfield><subfield code="z">Huntington Beach.</subfield><subfield code="2">fast</subfield><subfield code="0">(OCoLC)fst01212920</subfield></datafield><datafield ind1=" " ind2=" " tag="752"><subfield code="a">United States</subfield><subfield code="b">California</subfield><subfield code="c">Orange</subfield><subfield code="d">Huntington Beach.</subfield></datafield><datafield ind1=" " ind2=" " tag="752"><subfield code="a">United States</subfield><subfield code="b">California</subfield><subfield code="c">Orange</subfield><subfield code="d">Garden Grove.</subfield></datafield><datafield ind1="0" ind2="0" tag="785"><subfield code="t">Huntington Beach independent (Huntington Beach, Calif.)</subfield><subfield code="w">(DLC)sn2002060269</subfield></datafield></record>